@article{@abadieetal2015,
Author = {Abadie, Alberto and Diamond, Alexis and Hainmueller, Jens},
doi = {https://doi.org/10.1111/ajps.12116},
eprint = {https://onlinelibrary.wiley.com/doi/pdf/10.1111/ajps.12116},
journal = {American Journal of Political Science},
keywords = {comparative case studies, synthetic control method, difference-in-differences, matching, German reunification},
number = {2},
pages = {495-510},
title = {Comparative Politics and the Synthetic Control Method},
url = {https://onlinelibrary.wiley.com/doi/abs/10.1111/ajps.12116},
volume = {59},
year = {2015},
bdsk-url-1 = {https://onlinelibrary.wiley.com/doi/abs/10.1111/ajps.12116},
bdsk-url-2 = {https://doi.org/10.1111/ajps.12116}
}

@article{arkhangelskyetal2021,
Author = {Arkhangelsky, Dmitry and Athey, Susan and Hirshberg, David A. and Imbens, Guido W. and Wager, Stefan},
Title = {Synthetic Difference-in-Differences},
Journal = {American Economic Review},
Volume = {111},
Number = {12},
Year = {2021},
Month = {December},
Pages = {4088-4118},
DOI = {10.1257/aer.20190159},
URL = {https://www.aeaweb.org/articles?id=10.1257/aer.20190159}
}

@article{pouliot2022,
          title={Spatial Econometrics for Misaligned Data}, 
          author={Guillaume Allaire Pouliot},
          year={2022},
          eprint={2207.04082},
          archivePrefix={arXiv},
          primaryClass={econ.EM}
}

@article{serraburieletal2020,
author = {Serra-Burriel, Feliu and Delicado, Pedro and Prata, Andrew and Cucchietti, Fernando},
year = {2020},
month = {12},
pages = {},
title = {Estimating heterogeneous wildfire effects using synthetic controls andsatellite remote sensing}
}

@article{athey2021,
	doi = {10.1080/01621459.2021.1891924},
	url = {https://doi.org/10.1080%2F01621459.2021.1891924},
	year = 2021,
	month = {may},
	publisher = {Informa {UK} Limited},
	volume = {116},
	number = {536},
	pages = {1716--1730},
	author = {Susan Athey and Mohsen Bayati and Nikolay Doudchenko and Guido Imbens and Khashayar Khosravi},
	title = {Matrix Completion Methods for Causal Panel Data Models},
	journal = {Journal of the American Statistical Association}
}